<record><leader>00000cas a22000007a 4500</leader><controlfield tag="001">10940525</controlfield><controlfield tag="008">840712d18501851nhuwr ne      0    0eng d</controlfield><datafield ind1=" " ind2=" " tag="010"><subfield code="a">sn 84023668 </subfield></datafield><datafield ind1=" " ind2=" " tag="040"><subfield code="a">AQM</subfield><subfield code="b">eng</subfield><subfield code="c">AQM</subfield><subfield code="d">NPX</subfield><subfield code="d">NVH</subfield><subfield code="d">OCLCQ</subfield></datafield><datafield ind1=" " ind2=" " tag="042"><subfield code="a">msc</subfield></datafield><datafield ind1="0" ind2="0" tag="245"><subfield code="a">Great Falls sketcher &amp; journal.</subfield></datafield><datafield ind1="3" ind2="0" tag="246"><subfield code="a">Great Falls sketcher and journal</subfield></datafield><datafield ind1=" " ind2=" " tag="260"><subfield code="a">Great Falls [Somersworth], N.H. :</subfield><subfield code="b">Wood &amp; Furber</subfield></datafield><datafield ind1=" " ind2=" " tag="300"><subfield code="a">v.</subfield></datafield><datafield ind1=" " ind2=" " tag="310"><subfield code="a">Weekly</subfield></datafield><datafield ind1="1" ind2=" " tag="362"><subfield code="a">Began in Oct. 1850.</subfield></datafield><datafield ind1="0" ind2=" " tag="362"><subfield code="a">-v. 5, no. 14 (Dec. 25, 1851).</subfield></datafield><datafield ind1=" " ind2=" " tag="588"><subfield code="a">Description based on: Vol. 4, no. 6 (Oct. 31, 1850).</subfield></datafield><datafield ind1=" " ind2=" " tag="752"><subfield code="a">United States</subfield><subfield code="b">New Hampshire</subfield><subfield code="c">Strafford</subfield><subfield code="d">Somersworth.</subfield></datafield><datafield ind1=" " ind2=" " tag="752"><subfield code="a">United States</subfield><subfield code="b">New Hampshire</subfield><subfield code="c">Strafford</subfield><subfield code="d">Great Falls.</subfield></datafield><datafield ind1="0" ind2="0" tag="780"><subfield code="t">Thursday sketcher</subfield><subfield code="w">(DLC)sn 84023667</subfield></datafield><datafield ind1="0" ind2="0" tag="785"><subfield code="t">Great Falls journal (Somersworth, N.H. : 1852)</subfield><subfield code="w">(DLC)sn 84023669</subfield></datafield><datafield ind1="1" ind2=" " tag="029"><subfield code="a">AU@</subfield><subfield code="b">000025826656</subfield></datafield></record>